<?xml version="1.0" encoding="UTF-8"?><record xmlns="http://www.loc.gov/MARC21/slim" xmlns:cinclude="http://apache.org/cocoon/include/1.0" xmlns:zs="http://www.loc.gov/zing/srw/">
  <leader>00801nz  a2200157n  4500</leader>
  <controlfield tag="001">no2006011141</controlfield>
  <controlfield tag="003">DLC</controlfield>
  <controlfield tag="005">20060202051807.0</controlfield>
  <controlfield tag="008">060201n| acannaabn          |a ana      </controlfield>
  <datafield tag="010" ind1=" " ind2=" ">
    <subfield code="a">no2006011141</subfield>
  </datafield>
  <datafield tag="035" ind1=" " ind2=" ">
    <subfield code="a">(OCoLC)oca06842380</subfield>
  </datafield>
  <datafield tag="040" ind1=" " ind2=" ">
    <subfield code="a">DLC-S</subfield>
    <subfield code="b">eng</subfield>
    <subfield code="c">DLC-S</subfield>
  </datafield>
  <datafield tag="110" ind1="2" ind2=" ">
    <subfield code="a">Moi Teaching and Referral Hospital</subfield>
  </datafield>
  <datafield tag="410" ind1="1" ind2=" ">
    <subfield code="a">Kenya.</subfield>
    <subfield code="b">Moi Teaching and Referral Hospital</subfield>
  </datafield>
  <datafield tag="410" ind1="2" ind2=" ">
    <subfield code="a">MTRH</subfield>
  </datafield>
  <datafield tag="670" ind1=" " ind2=" ">
    <subfield code="a">Its Report of the Controller and Auditor General on the financial statements of Moi Teaching and Referral Hospital for the year ended ... 30th June 2001:</subfield>
    <subfield code="b">t.p. (Moi Teaching and Referral Hospital; MTRH) p. 3 (The hospital was established by legal notice no. 78 of 12th June 1998, under State Corporations Act. Though it was established as a parastatal in 1998, it became operational as such from July 1999)</subfield>
  </datafield>
</record>